@Article{1,
  author  = {Morse, A. S.},
  journal = {IEEE Trans. Automatic Control},
  title   = {Global Stability of Parameter-Adaptive Control Systems},
  year    = {1980},
  number  = {3},
  pages   = {433--439},
  volume  = {25},
}

@Article{2,
  author  = {豊田, 幸司 and 谷村, 吉久},
  journal = {計測と制御},
  title   = {微細形状のナノメートル計測技術},
  year    = {1986},
  number  = {5},
  pages   = {417--420},
  volume  = {25},
}

@Book{3,
  author    = {Woham, W. N.},
  publisher = {Springer-Verlag},
  title     = {Linear Multivariable Control: A Geometric Approach},
  year      = {1974},
}

@Book{4,
  author    = {高橋, 安人},
  publisher = {科学技術社},
  title     = {コンピュータによるダイナミックシステム論},
  year      = {1970},
}

@InCollection{5,
  author    = {鈴木, 篁},
  booktitle = {科学便覧},
  publisher = {丸善},
  title     = {銅製錬},
  year      = {1958},
  editor    = {日本化学会},
  pages     = {1501--1506},
}

@InCollection{6,
  author    = {N. Handel},
  booktitle = {Process Instruments and Controls Handbook},
  publisher = {McGraw-Hill},
  title     = {Magnetic Flowmeters},
  year      = {1974},
  editor    = {Douglas M. Considine},
  pages     = {4-45--4-48},
}
